@online{ibmconsensus,
author = {Christian Cachin},
title = {Resilient Consensus Protocols for Blockchains},
year = {2017},
url = {https://www.ibm.com/blogs/research/2017/10/resilient-consensus-protocols-blockchains/},
urldate = {2018-05-09}}

@online{stellarconsensus,
author = {David Mazi√®res},
title = {On Worldwide Consensus},
year = {2015},
url = {https://www.stellar.org/papers/stellar-consensus-protocol.pdf},
urldate = {2018-05-16}}

@online{bitcoinconsensus,
author = {Satoshi Nakamoto},
title = {Bitcoin: A Peer-to-Peer Electronic Cash System},
year = {2008},
url = {https://bitcoin.org/bitcoin.pdf},
urldate = {2018-05-16}}

@online{distributedledger,
author = {Mark Walport},
title = {Distributed Ledger Technology: beyond block chain},
year = {2016},
url = {https://assets.publishing.service.gov.uk/government/uploads/system/uploads/attachment_data/file/492972/gs-16-1-distributed-ledger-technology.pdf},
urldate = {2019-05-02}}

@online{omniledger,
	author = {Eleftherios Kokoris-Kogias and Philipp Jovanovic and  Linus Gasser and Nicolas Gailly and Ewa Syta and Bryan Ford},
	title = {OmniLedger: A Secure, Scale-Out, Decentralized Ledger via Sharding},
	howpublished = {Cryptology ePrint Archive, Report 2017/406},
	year = {2017},
	url = {https://eprint.iacr.org/2017/406},
	urldate = {2018-04-20}
}

@online{randhound,
	author = {Ewa Syta and Philipp Jovanovic and Eleftherios Kokoris Kogias and Nicolas Gailly and Linus Gasser and Ismail Khoffi and Michael J. Fischer and Bryan Ford},
	title = {Scalable Bias-Resistant Distributed Randomness},
	howpublished = {Cryptology ePrint Archive, Report 2016/1067},
	year = {2016},
	url = {https://eprint.iacr.org/2016/1067},
	urldate = {2018-04-20}
}

@article{spanner,
	author = {Corbett, James C. and Dean, Jeffrey and Epstein, Michael and Fikes, Andrew and Frost, Christopher and Furman, J. J. and Ghemawat, Sanjay and Gubarev, Andrey and Heiser, Christopher and Hochschild, Peter and Hsieh, Wilson and Kanthak, Sebastian and Kogan, Eugene and Li, Hongyi and Lloyd, Alexander and Melnik, Sergey and Mwaura, David and Nagle, David and Quinlan, Sean and Rao, Rajesh and Rolig, Lindsay and Saito, Yasushi and Szymaniak, Michal and Taylor, Christopher and Wang, Ruth and Woodford, Dale},
	title = {Spanner: Google's Globally-Distributed Database},
	journal = {ACM Trans. Comput. Syst.},
	issue_date = {August 2013},
	volume = {31},
	number = {3},
	month = aug,
	year = {2013},
	pages = {8:1--8:22},
	articleno = {8},
	numpages = {22},
	acmid = {2491245},
	publisher = {ACM},
	address = {New York, NY, USA},
	keywords = {Distributed databases, concurrency control, replication, time management, transactions},
	urldate = {2018-04-20}
}

@inproceedings{DBLP:conf/asiacrypt/BonehLS01,
author    = {Dan Boneh and Ben Lynn and Hovav Shacham},
title     = {Short Signatures from the Weil Pairing},
booktitle = {Advances in Cryptology - {ASIACRYPT} 2001, 7th International Conference
on the Theory and Application of Cryptology and Information Security,
Gold Coast, Australia, December 9-13, 2001, Proceedings},
pages     = {514--532},
year      = {2001},
crossref  = {DBLP:conf/asiacrypt/2001},
biburl    = {https://dblp.org/rec/bib/conf/asiacrypt/BonehLS01},
bibsource = {dblp computer science bibliography, https://dblp.org}
urldate = {2018-04-20}
}

@online{Schnorr,
author = {Claus P. Schnorr},
title = {Method for identifying subscribers and for generating and verifying electronic signatures in a data exchange system},
year = {1989},
url = {https://patents.google.com/patent/US4995082},
urldate = {2018-05-02}}
